@online{autostat,
  language = "russian",
  title    = "Аналитическое агентство АВТОСТАТ [Электронный ресурс]",
  note     = "URL: \url{https://www.autostat.ru} (дата обращения: 18.07.2022)"
}

@online{db_sql,
  language = "english",
  title    = "What is a Relational Database (RDBMS)? [Электронный ресурс]",
  note     = "URL: \url{https://www.oracle.com/database/what-is-a-relational-database/} (дата обращения: 18.07.2022)"
}

@online{db_nosql,
  language = "russian",
  title    = "Нереляционные данные и базы данных NoSQL [Электронный ресурс]",
  note     = "URL: \url{https://docs.microsoft.com/ru-ru/azure/architecture/data-guide/big-data/non-relational-data} (дата обращения: 18.07.2022)"
}

@online{csharp,
  language = "russian",
  title    = "Документация по C Sharp [Электронный ресурс]",
  note     = "URL: \url{https://docs.microsoft.com/ru-ru/dotnet/csharp/} (дата обращения: 18.07.2022)"
}

@online{vs,
  language = "russian",
  title    = "Visual Studio [Электронный ресурс]",
  note     = "URL: \url{https://visualstudio.microsoft.com/ru/} (дата обращения: 18.07.2022)"
}

@online{asp_net,
  language = "russian",
  title    = "ASP.NET [Электронный ресурс]",
  note     = "URL: \url{https://dotnet.microsoft.com/en-us/apps/aspnet} (дата обращения: 18.07.2022)"
}

@online{asp_net_core,
  language = "russian",
  title    = "Общие сведения об ASP.NET Core[Электронный ресурс]",
  note     = "URL: \url{https://docs.microsoft.com/ru-ru/aspnet/core/introduction-to-aspnet-core?view=aspnetcore-6.0} (дата обращения: 18.07.2022)"
}

@online{mvc,
  language = "russian",
  title    = "Общие сведения ASP.NET Core MVC [Электронный ресурс]",
  note     = "URL: \url{https://docs.microsoft.com/ru-ru/aspnet/core/mvc/overview?view=aspnetcore-6.0} (дата обращения: 18.07.2022)"
}

@online{postgresql,
  language = "english",
  title    = "PostgreSQL [Электронный ресурс]",
  note     = "URL: \url{https://www.postgresql.org/docs/} (дата обращения: 18.07.2022)"
}

@online{jmeter,
  language = "english",
  title    = "Apache JMeter [Электронный ресурс]",
  note     = "URL: \url{https://jmeter.apache.org} (дата обращения: 18.07.2022)"
}
